% -*- fill-column: 1000 -*-

@InProceedings{APV02,
  author =       "L. Arge and O. Procopiuc and J. S. Vitter",
  title =        "{Implementing I/O-efficient Data Structures Using TPIE}",
  booktitle =    "10th European Symposium on Algorithms (ESA)",
  pages =        "88--100",
  year =         2002,
  volume =       2461,
  series =       "LNCS",
  publisher =    "Springer"
}

@InProceedings{CraMeh99,
  author =       "A. Crauser and K. Mehlhorn",
  title =        "{LEDA-SM}, extending {LEDA} to Secondary Memory",
  booktitle =    "3rd International Workshop on Algorithmic Engineering (WAE)",
  pages =        "228--242",
  year =         1999,
  volume =       1668,
  series =       "LNCS"
}

@Article{VitShr94both,
  author =       "J. S. Vitter and E. A. M. Shriver",
  title =        "Algorithms for parallel memory, {I/II}",
  journal =      "Algorithmica",
  year =         1994,
  volume =       12,
  number =       "2/3",
  pages =        "110--169"
}

@InProceedings{HutSanVit01b,
  author =       "D. A. Hutchinson and P. Sanders and J. S. Vitter",
  title =        "Duality Between Prefetching and Queued Writing with Parallel Disks",
  booktitle =    "9th European Symposium on Algorithms (ESA)",
  year =         2001,
  number =       2161,
  pages =        "62--73",
  series =       "LNCS",
  publisher =    "Springer",
}

@InProceedings{DemSan03,
  author =       "R. Dementiev and P. Sanders",
  title =        "Asynchronous Parallel Disk Sorting",
  booktitle =    "15th ACM Symposium on Parallelism in Algorithms and Architectures",
  pages =        "138--148",
  year =         2003,
  address =      "San Diego",
}

@Manual{tpie_manual,
  author =       {Lars Arge and Rakesh Barve and David Hutchinson and Octavian Procopiuc and Laura Toma and Darren Erik Vengroff and Rajiv Wickeremesinghe},
  title =        "{TPIE: User manual and reference}",
  year =         2003,
  month =        {November}
}

@InProceedings{DKMS05,
  author =       "R. Dementiev and J. Mehnert and J. K{\"a}rkk{\"a}inen and P. Sanders",
  title =        "{Better External Memory Suffix Array Construction}",
  booktitle =    "Workshop on Algorithm Engineering {\&} Experiments",
  year =         2005,
  address =      "Vancouver",
  note =         "\url{http://i10www.ira.uka.de/dementiev/files/DKMS05.pdf}"
}

@InProceedings{VitHut01,
  author =       "J. S. Vitter and D. A. Hutchinson",
  title =        "Distribution sort with randomized cycling",
  booktitle =    "12th ACM-SIAM Symposium on Discrete Algorithms",
  pages =        "77--86",
  year =         2001
}

@Article{BarGroVit97,
  author =       "R. D. Barve and E. F. Grove and J. S. Vitter",
  title =        "Simple Randomized Mergesort on Parallel Disks",
  journal =      "Parallel Computing",
  year =         1997,
  volume =       23,
  number =       4,
  pages =        "601--631",
  annote =       "auch TR CS-1996-15, Duke"
}

@Book{BicShaw2003,
  author =       {L.F. Bic and A.C. Shaw},
  title =        {Operating Systems Principles},
  publisher =    {Pearson Education},
  year =         {2003},
}